% Encoding: UTF-8

@Comment{jabref-meta: databaseType:bibtex;}

@IEEEtranBSTCTL{IEEEexample:BSTcontrol,
    CTLdash_repeated_names = "no"
}

@manual{q1,
  author          = {{Siemens Mobility GmbH}},
  title           = {Safety-Related Application Rules},
  year            = {2016}
}

@manual{q2,
  author          = {{Siemens Mobility GmbH}},
  title           = {RM Process Manual - Application Rules},
  year            = {2016}
}

@manual{q3,
  author          = {{Siemens Mobility GmbH}},
  title           = {RM Process Manual - Project Execution},
  year            = {2016}
}

@manual{q4,
  author          = {{IEEE(The Institute of Electrical and Electronics Engineers)}},
  title           = {IEEE Standard Glossary of Software Engineering Terminology},
  year            = {1990}
}

@misc{q5,
  title = {{Übersicht über Rational DOORS}},
  howpublished = {\url{https://www.ibm.com/docs/de/ermd/9.6.1?topic=overview-rational-doors}},
  note = {Accessed: 2022-11-25}
}

@misc{q6,
  title = {{Daten in Projekten und Ordnern organisieren}},
  howpublished = {\url{https://www.ibm.com/docs/de/ermd/9.6.0?topic=requirements-organizing-data-in-projects-folders}},
  note = {Accessed: 2022-11-25}
}

@misc{q7,
  title = {{Rational DOORS mit DXL erweitern}},
  howpublished = {\url{https://www.ibm.com/docs/de/ermd/9.6.1?topic=function-extending-rational-doors-dxl}},
  note = {Accessed: 2022-11-28}
}

@article{q8,
  author          = {{R. Wirth and J. Hipp}},
  journal         = {{Proceedings of the 4th international conference on the practical applications of knowledge discovery and data mining}},
  title           = {{CRISP-DM: Towards a standard process model for data mining}},
  volume          = {1},
  year            = {2000}
}

@manual{q9,
  author       = {{IBM}},
  title        = {{DXL Reference Manual}}
}